@Book{ISO:CSpecialFunctions,
  author =       "{ISO}",
  title =        "{ISO\slash IEC 29124:2010}: Information technology ---
                 Programming languages, their environments and system
                 software interfaces --- Extensions to the {C++ Library}
                 to support mathematical special functions",
  year =         "2010",
  bibdate =      "Thu Nov 25 08:56:44 2010",
  bibsource =    "http://www.iso.org/iso/search.htm;
                 http://www.math.utah.edu/pub/tex/bib/elefunt.bib;
                 http://www.math.utah.edu/pub/tex/bib/isostd.bib",
  series =       "Technical report",
  URL =          "http://www.iso.org/iso/iso_catalogue/catalogue_tc/catalogue_detail.htm?csnumber=50511",
  subject =      "programming languages (electronic computers)",
  urldate = {2021-09-23}
}

@Book{ISO:MathML,
  author =       "{ISO}",
  title =        "{ISO\slash IEC 40314:2016}: Mathematical Markup Language (MathML) Version 3.0 2nd Edition",
  year =         "2016",
  series =       "Technical report",
  URL =          "https://www.iso.org/standard/58439.html",
  pages =      	 "403",
  urldate = {2021-09-23}
}

@Book{ISO:FloatingPoint,
  author =       "{ISO}",
  title =        "{ISO\slash IEC 60559:2020}: Information technology --- Microprocessor Systems --- Floating-Point arithmetic",
  year =         "2020",
  series =       "Technical report",
  URL =          "https://www.iso.org/standard/80985.html",
  pages =        "74",
  urldate = {2021-09-23}
}
