% Encoding: UTF-8

@inproceedings{GreinerPetterSMB20,
  title = {Discovering {{Mathematical Objects}} of {{Interest}} \textemdash{} {{A Study}} of {{Mathematical Notations}}},
  booktitle = {Proceedings of {{The Web Conference}} ({{WWW}})},
  author = {Greiner-Petter, Andr\'e and Schubotz, Moritz and M\"uller, Fabian and Breitinger, Corinna and Cohl, Howard and Aizawa, Akiko and Gipp, Bela},
  date = {2020-04-20},
  pages = {1445--1456},
  publisher = {{ACM}},
  location = {{Taipei, Taiwan}},
  doi = {10.1145/3366423.3380218},
  url = {https://arxiv.org/abs/2002.02712},
  urldate = {2021-07-30},
  author+an = {1=highlight},
  isbn = {978-1-4503-7023-3},
  keywords = {primary}
}

@article{GreinerPetterYRM20,
  title = {Math-{{Word Embedding}} in {{Math Search}} and {{Semantic Extraction}}},
  author = {Greiner-Petter, Andr\'e and Youssef, Abdou and Ruas, Terry and Miller, Bruce R. and Schubotz, Moritz and Aizawa, Akiko and Gipp, Bela},
  date = {2020-12},
  journaltitle = {Scientometrics},
  volume = {125},
  number = {3},
  pages = {3017--3046},
  issn = {0138-9130, 1588-2861},
  doi = {10.1007/s11192-020-03502-9},
  url = {https://link.springer.com/10.1007/s11192-020-03502-9},
  urldate = {2021-06-30},
  author+an = {1=highlight},
  keywords = {primary}
}

@article{RobertsonZ09,
  author    = {Stephen E. Robertson and
               Hugo Zaragoza},
  title     = {The Probabilistic Relevance Framework: {BM25} and Beyond},
  journal   = {Foundations and Trends in Information Retrieval},
  volume    = {3},
  number    = {4},
  pages     = {333--389},
  year      = {2009},
  url       = {https://doi.org/10.1561/1500000019},
  doi       = {10.1561/1500000019}
}